@article{fox1971effects,
  title={Effects of swirling inlet flow on pressure recovery in conical diffusers},
  author={Fox, RW and McDonald, AT},
  journal={AIAA Journal},
  volume={9},
  number={10},
  pages={2014--2018},
  year={1971}
}

@article{turkel1987preconditioned,
  title={Preconditioned methods for solving the incompressible and low speed compressible equations},
  author={Turkel, Eli},
  journal={Journal of Computational Physics},
  volume={72},
  number={2},
  pages={277--298},
  year={1987},
  publisher={Elsevier}
}

@inproceedings{ruprecht2002simulation,
  title={Simulation of vortex rope in a turbine draft tube},
  author={Ruprecht, Albert and Helmrich, Thomas and Aschenbrenner, Thomas and Scherer, Thomas},
  booktitle={Proceedings of 22nd IAHR Symposium on Hydraulic Machinery and Systems},
  pages={9--12},
  year={2002}
}

@inproceedings{sick2002cfd,
  title={CFD simulation of the draft tube vortex},
  author={Sick, Mirjam and Doerfler, Peter and Sallaberger, Manfred and Lohmberg, Andreas and Casey, Michael},
  booktitle={Proc. 21st IAHR Symp. Hydraulic Machinery \& Systems, Lausanne, Switzerland, Paper},
  number={32},
  pages={1--9},
  year={2002}
}

@inproceedings{stein2006numerical,
  title={Numerical simulation of the cavitating draft tube vortex in a Francis turbine},
  author={Stein, Peter and Sick, Mirjam and D{\"o}rfler, Peter and White, Peter and Braune, Andr{\'e}},
  booktitle={Proceedings of the 23rd IAHR Symposium on Hydraulic Machinery and Systems, Yokohama, Japan},
  pages={228},
  year={2006}
}

@inproceedings{jovst2009numerical,
  title={Numerical prediction of the vortex rope in the draft tube},
  author={Jo{\v{s}}t, DRAGICA and Lipej, Andrej},
  booktitle={Proceedings of the 3rd IAHR International Meeting of the Workgroup on Cavitation and Dynamic Problems in Hydraulic Machinery and Systems},
  pages={75--85},
  year={2009}
}
@inproceedings{foroutan2012simulation,
  title={Simulation of flow in a simplified draft tube: turbulence closure considerations},
  author={Foroutan, H and Yavuzkurt, S},
  booktitle={IOP Conference Series: Earth and Environmental Science},
  volume={15},
  number={2},
  pages={022020},
  year={2012},
  organization={IOP Publishing}
}
%%%%%%%%%%%%%%%%%%%%%%%%%%%%%%%%%%%%%%%%
@article{foroutan2014flow,
  title={Flow in the Simplified Draft Tube of a Francis Turbine Operating at Partial Load—Part I: Simulation of the Vortex Rope},
  author={Foroutan, Hosein and Yavuzkurt, Savas},
  journal={Journal of Applied Mechanics},
  volume={81},
  number={6},
  pages={061010},
  year={2014},
  publisher={American Society of Mechanical Engineers}
}

@article{mohamed2012eddy,
  title={Eddy-Preserving Limiter for Unsteady Subsonic Flows},
  author={Mohamed, Kaveh and Nadarajah, Siva and Paraschivoiu, Marius},
  journal={AIAA Journal},
  volume={50},
  number={2},
  pages={429--446},
  year={2012}
}

@article{chakraborty2005relationships,
  title={On the relationships between local vortex identification schemes},
  author={Chakraborty, Pinaki and Balachandar, S and Adrian, Ronald J},
  journal={Journal of Fluid Mechanics},
  volume={535},
  pages={189--214},
  year={2005},
  publisher={Cambridge Univ Press}
}


@article{scotti2001numerical,
  title={Numerical simulation of pulsating turbulent channel flow},
  author={Scotti, Alberto and Piomelli, Ugo},
  journal={Physics of Fluids},
  volume={13},
  number={5},
  pages={1367--1384},
  year={2001},
  publisher={AIP Publishing}
}

@article{scotti2002turbulence,
  title={Turbulence models in pulsating flows},
  author={Scotti, Alberto and Piomelli, Ugo},
  journal={AIAA Journal},
  volume={40},
  number={3},
  pages={537--544},
  year={2002}
}

@article{moser1999direct,
  title={Direct numerical simulation of turbulent channel flow up to Re= 590},
  author={Moser, Robert D and Kim, John and Mansour, Nagi N},
  journal={Phys. Fluids},
  volume={11},
  number={4},
  pages={943--945},
  year={1999}
}

@article{cervantes2008pulsating,
  title={Pulsating turbulent flow in a straight asymmetric diffuser},
  author={Cervantes, Michel J and Engstr{\"o}m, T Fredrik},
  journal={Journal of Hydraulic Research},
  volume={46},
  number={sup1},
  pages={112--128},
  year={2008},
  publisher={Taylor \& Francis}
}









@article{saurel1999simple,
  title={A simple method for compressible multifluid flows},
  author={Saurel, Richard and Abgrall, R{\'e}mi},
  journal={SIAM Journal on Scientific Computing},
  volume={21},
  number={3},
  pages={1115--1145},
  year={1999},
  publisher={SIAM}
}

@article{shyue1999fluid,
  title={A fluid-mixture type algorithm for compressible multicomponent flow with van der Waals equation of state},
  author={Shyue, Keh-Ming},
  journal={Journal of Computational Physics},
  volume={156},
  number={1},
  pages={43--88},
  year={1999},
  publisher={Elsevier}
}

@article{gallouet2002some,
  title={Some recent finite volume schemes to compute Euler equations using real gas EOS},
  author={Gallou{\"e}t, Thierry and H{\'e}rard, J-M and Seguin, Nicolas},
  journal={International Journal for Numerical Methods in Fluids},
  volume={39},
  number={12},
  pages={1073--1138},
  year={2002},
  publisher={Wiley Online Library}
}

@article{paillere2003extension,
  title={On the extension of the AUSM+ scheme to compressible two-fluid models},
  author={Paillere, H and Corre, C and Cascales, JR Garc{\i}a},
  journal={Computers \& Fluids},
  volume={32},
  number={6},
  pages={891--916},
  year={2003},
  publisher={Elsevier}
}

@article{luo2004computation,
  title={On the computation of multi-material flows using ALE formulation},
  author={Luo, Hong and Baum, Joseph D and L{\"o}hner, Rainald},
  journal={Journal of Computational Physics},
  volume={194},
  number={1},
  pages={304--328},
  year={2004},
  publisher={Elsevier}
}

@article{le2004elaboration,
  title={{\'E}laboration des lois d'{\'e}tat d'un liquide et de sa vapeur pour les mod{\v{c}}les d'{\'e}coulements diphasiques},
  author={Le M{\'e}tayer, Olivier and Massoni, Jacques and Saurel, Richard},
  journal={International journal of thermal sciences},
  volume={43},
  number={3},
  pages={265--276},
  year={2004},
  publisher={Elsevier}
}

@article{barberon2005finite,
  title={Finite volume simulation of cavitating flows},
  author={Barberon, Thomas and Helluy, Philippe},
  journal={Computers \& Fluids},
  volume={34},
  number={7},
  pages={832--858},
  year={2005},
  publisher={Elsevier}
}

@article{chang2007robust,
  title={A robust and accurate approach to computing compressible multiphase flow: Stratified flow model and AUSM+-up scheme},
  author={Chang, Chih-Hao and Liou, Meng-Sing},
  journal={Journal of Computational Physics},
  volume={225},
  number={1},
  pages={840--873},
  year={2007},
  publisher={Elsevier}
}

@article{goncalves2009numerical,
  title={Numerical simulation of cavitating flows with homogeneous models},
  author={Goncalves, Eric and Patella, Regiane Fortes},
  journal={Computers \& Fluids},
  volume={38},
  number={9},
  pages={1682--1696},
  year={2009},
  publisher={Elsevier}
}



@inproceedings{vu2014cfd,
  title={CFD analysis of a bulb turbine and validation with measurements from the BulbT project},
  author={Vu, TC and Gauthier, M and Nennemann, B and Wallimann, H and Desch{\^e}nes, C},
  booktitle={IOP Conference Series: Earth and Environmental Science},
  volume={22},
  number={2},
  pages={022008},
  year={2014},
  organization={IOP Publishing}
}

@inproceedings{vuillemard2014experimental,
  title={Experimental investigation of the draft tube inlet flow of a bulb turbine},
  author={Vuillemard, J and Aeschlimann, V and Fraser, R and Lemay, S and Desch{\^e}nes, C},
  booktitle={IOP Conference Series: Earth and Environmental Science},
  volume={22},
  number={3},
  pages={032010},
  year={2014},
  organization={IOP Publishing}
}

@article{huynh1995accurate,
  title={Accurate upwind methods for the Euler equations},
  author={Huynh, Hung T},
  journal={SIAM Journal on Numerical Analysis},
  volume={32},
  number={5},
  pages={1565--1619},
  year={1995},
  publisher={SIAM}
}

@inproceedings{yang2016low,
  title={A low-dissipation monotonicity-preserving scheme for turbulent flows in hydraulic turbines},
  author={Yang, L and Nadarajah, S},
  booktitle={IOP Conference Series: Earth and Environmental Science},
  volume={49},
  number={6},
  pages={062010},
  year={2016},
  organization={IOP Publishing}
}

@book{dorfler2012flow,
  title={Flow-induced pulsation and vibration in hydroelectric machinery: engineer’s guidebook for planning, design and troubleshooting},
  author={D{\"o}rfler, Peter and Sick, Mirjam and Coutu, Andr{\'e}},
  year={2012},
  publisher={Springer Science \& Business Media}
}

@inproceedings{magnan2014challenges,
  title={Challenges in assessing the grid sensitivity of hydro-turbine CFD simulations},
  author={Magnan, R and Cupillard, S and Gauthier, G and Giroux, AM and Page, M and others},
  booktitle={IOP Conference Series: Earth and Environmental Science},
  volume={22},
  number={2},
  pages={022010},
  year={2014},
  organization={IOP Publishing}
}

@inproceedings{krappel2014investigation,
  title={Investigation of Francis Turbine Part Load Instabilities using Flow Simulations with a Hybrid RANS-LES Turbulence Model},
  author={Krappel, Timo and Ruprecht, Albert and Riedelbauch, Stefan and Jester-Zuerker, Roland and Jung, Alexander},
  booktitle={IOP Conference Series: Earth and Environmental Science},
  volume={22},
  number={3},
  pages={032001},
  year={2014},
  organization={IOP Publishing}
}

@article{jovst2011numerical,
  title={Numerical prediction of non-cavitating and cavitating vortex rope in a Francis turbine draft tube},
  author={Jo{\v{s}}t, Dragica and Lipej, Andrej},
  journal={Strojni{\v{s}}ki vestnik-Journal of Mechanical Engineering},
  volume={57},
  number={6},
  pages={445--456},
  year={2011}
}

@inproceedings{skotak2000helical,
  title={Of the helical vortex in the draft tube turbine modeling},
  author={Skotak, A},
  booktitle={IAHR Symposium, Charlotte},
  year={2000}
}

@article{chen1995multi,
  title={Multi-dimensional finite volume simulation of fluid flows on fixed, moving and deforming mesh systems},
  author={Chen, Xiangying},
  year={1995},
  publisher={UMI}
}

@article{ciocan2007experimental,
  title={Experimental study and numerical simulation of the FLINDT draft tube rotating vortex},
  author={Ciocan, Gabriel Dan and Iliescu, Monica Sanda and Vu, Thi Cong and Nennemann, Bernd and Avellan, Fran{\c{c}}ois},
  journal={Journal of Fluids Engineering},
  volume={129},
  number={2},
  pages={146--158},
  year={2007},
  publisher={American Society of Mechanical Engineers}
}

@inproceedings{guo2006large,
  title={Large-eddy simulation of non-cavitating and cavitating flows in the draft tube of a Francis turbine},
  author={Guo, Yang and Kato, Chisachi and Miyagawa, Kazuyoshi},
  booktitle={Proceedings of the 23rd IAHR Symposium on Hydraulic Machinery and Systems, Yokohama, Japan},
  pages={95},
  year={2006}
}

@inproceedings{pereira2017flow,
  title={Flow field investigation in a bulb turbine diffuser},
  author={Pereira, M and Duquesne, P and Aeschlimann, V and Desch{\^e}nes, C},
  booktitle={Journal of Physics: Conference Series},
  volume={813},
  number={1},
  pages={012047},
  year={2017},
  organization={IOP Publishing}
}









@article{venkatakrishnanaccuracy,
  title={On the Accuracy of Limiters and Convergence to Steady State Solutions},
  author={Venkatakrishnan, V},
  journal={AIAA Paper},
  number={93-0880},
  year={1993}
}

@article{sekora2009extremum,
  title={Extremum-preserving limiters for MUSCL and PPM},
  author={Sekora, Michael and Colella, Phillip},
  journal={arXiv preprint arXiv:0903.4200},
  year={2009}
}




@inproceedings{lohner2009limiters,
  title={On limiters for minimal vorticity dissipation},
  author={L{\"o}hner, Rainald},
  booktitle={Proceedings of the 47th AIAA aerospace sciences meeting},
  pages={1--7},
  year={2009}
}


@article{taheri2015detached,
  title={Detached Eddy simulation of unsteady turbulent flows in the draft tube of a bulb turbine},
  author={Taheri, Arash},
  year={2015}
}

@inproceedings{wilhelm2016head,
  title={Head losses prediction and analysis in a bulb turbine draft tube under different operating conditions using unsteady simulations},
  author={Wilhelm, S and Balarac, G and M{\'e}tais, O and S{\'e}goufin, C},
  booktitle={IOP Conference Series: Earth and Environmental Science},
  volume={49},
  number={2},
  pages={022010},
  year={2016},
  organization={IOP Publishing}
}

@inproceedings{pacot2015prediction,
  title={Prediction of the Pressure Pulsation in a Draft Tube for a Part Load Condition Using the LES Approach},
  author={Pacot, Olivier and Kato, Chisachi and Guo, Yang and Yamade, Yoshinobu},
  booktitle={ASME/JSME/KSME 2015 Joint Fluids Engineering Conference},
  pages={V01AT09A009--V01AT09A009},
  year={2015},
  organization={American Society of Mechanical Engineers}
}